%%%


@Misc{gps-logger,
%app used to record GPS souřadnice (see SVP)
}

@Misc{here-reverse-geolocation,
	%app used to record GPS souřadnice (see SVP)
}


@Misc{google-reverese-geolocation,
	%app used to record GPS souřadnice (see SVP)
}